



@article{carreira2000mode,
	Author = {Carreira-Perpinan, Miguel A.},
	Date-Added = {2016-08-09 08:23:58 +0000},
	Date-Modified = {2016-08-09 08:23:58 +0000},
	Journal = {IEEE Transactions on Pattern Analysis and Machine Intelligence},
	Number = {11},
	Pages = {1318--1323},
	Title = {Mode-finding for mixtures of Gaussian distributions},
	Volume = {22},
	Year = {2000}}




@article{yu2012solving,
	Author = {Yu, Guoshen and Sapiro, Guillermo and Mallat, St{\'e}phane},
	Date-Added = {2016-08-09 08:22:39 +0000},
	Date-Modified = {2016-08-09 08:22:39 +0000},
	Journal = {IEEE Transactions on Image Processing},
	Number = {5},
	Pages = {2481--2499},
	Publisher = {IEEE},
	Title = {Solving inverse problems with piecewise linear estimators: From Gaussian mixture models to structured sparsity},
	Volume = {21},
	Year = {2012}}
    
    


